@article{Dyson49,
    author = {Dyson, Freeman John},
    title = {The Radiation Theories of Tomonaga, Schwinger, and Feynman},

    journal = {Phys. Rev.},
    volume = {75},
    pages = {486--502},
    year = {1949},

    doi = {10.1103/PhysRev.75.486},
    }

@article{Matsubara55,
    author = {Matsubara, Takeo},
    title = {A New Approach to Quantum-Statistical Mechanics},

    journal = {Progr. Theoret. Phys.},
    volume = {14},
    pages = {351--378},
    year = {1955},

    doi = {10.1143/PTP.14.351},
    }

@book{Dirac58,
    author = {Dirac, Paul Adrien Maurice},
    title = {The Principles of Quantum Mechanics},
    edition = {4th ed. (revised)},

    series = {The International Series of Monographs on Physics},
    number = {27},

    publisher = {Clarendon Press},
    address = {Oxford},
    year = {1958},
    }

@book{Mahan00,
    author = {Mahan, Gerald D.},
    title = {Many-Particle Physics},
    edition = {3},

    publisher = {Kluwer Academic/Plenum Publishers},
    address = {New York},
    year = {2000},
    }

@collection{DeaverRuvalds82,
    editor = {Deaver, B. and Ruvalds, John},
    title = {Advances in Superconductivity},

    series = {NATO Advanced Science Institute Series},
    number = {100},

    publisher = {Plenum Press},
    address = {New York},
    year = {1982},
    }

    @incollection{Froehlich82,
        crossref = {DeaverRuvalds82},

        author = {Fr{\"o}hlich, Herbert},
        title = {History of the Theory of Superconductivity},

        chapter = {1},
        pages = {1--11},
        }
